<?xml version="1.0" encoding="UTF-8"?><collection><record><leader>07332ntm a2200685 a 4500</leader><controlfield tag="001">006804413</controlfield><controlfield tag="003">MiAaHDL</controlfield><controlfield tag="005">20190719000000.0</controlfield><controlfield tag="006">m        d        </controlfield><controlfield tag="007">cr bn ---auaua</controlfield><controlfield tag="008">090528s1221    xx            00| ||ara d</controlfield><datafield tag="035" ind1=" " ind2=" "><subfield code="a">(MiU)006804413</subfield></datafield><datafield tag="035" ind1=" " ind2=" "><subfield code="a">sdr-miu006804413</subfield></datafield><datafield tag="040" ind1=" " ind2=" "><subfield code="a">MiU</subfield><subfield code="c">MiU</subfield><subfield code="e">amremm</subfield></datafield><datafield tag="043" ind1=" " ind2=" "><subfield code="a">n-us-mi</subfield></datafield><datafield tag="100" ind1="1" ind2=" "><subfield code="6">880-01</subfield><subfield code="a">Nasafī, Aḥmad ibn Abī al-Muʼayyad al-Maḥmūdī,</subfield><subfield code="d">d. 1125.</subfield></datafield><datafield tag="240" ind1="1" ind2="0"><subfield code="6">880-02</subfield><subfield code="a">Naẓm al-Jāmiʻ al-kabīr.</subfield><subfield code="n">juzʼ 2</subfield></datafield><datafield tag="245" ind1="1" ind2="3"><subfield code="6">880-03</subfield><subfield code="a">[al-Juzʼ al-thānī min Naẓm al-Jāmiʻ al-kabīr,</subfield><subfield code="f">618, i.e. 1221].</subfield></datafield><datafield tag="246" ind1="3" ind2="8"><subfield code="a">نظم الجامع الكبير</subfield></datafield><datafield tag="246" ind1="3" ind2=" "><subfield code="a">جزء الثاني من الجامع الكبير</subfield></datafield><datafield tag="260" ind1=" " ind2=" "><subfield code="c">[1221].</subfield></datafield><datafield tag="300" ind1=" " ind2=" "><subfield code="a">230 leaves :</subfield><subfield code="b">paper ;</subfield><subfield code="c">255 x 175 (205 x 135) mm. bound to 263 x 188 mm.</subfield></datafield><datafield tag="500" ind1=" " ind2=" "><subfield code="a">Shelfmark: Ann Arbor, University of Michigan, Special Collections Library, Isl. Ms. 568</subfield></datafield><datafield tag="500" ind1=" " ind2=" "><subfield code="a">Origin: As appears in colophon on p.461, transcription completed ("...min shughl naskhih faraghtu...") 9 Jumādá I 618 [ca. 1 July 1221] apparently for one Shihāb al-Dīn. As appears in preceding authorial colophon (p.461), composition completed 30 Muḥarram 515 [ca. 20th April 1121].</subfield></datafield><datafield tag="500" ind1=" " ind2=" "><subfield code="a">Accompanying materials: a. Acquisitions slip from Yahuda -- b. Inventory cataloguing slip in hand of Winifred Smeaton Thomas.</subfield></datafield><datafield tag="500" ind1=" " ind2=" "><subfield code="a">Former shelfmark: From front flyleaf and spine label "IL 394" (likely supplied by Yahuda, see acquisitions slip).</subfield></datafield><datafield tag="500" ind1=" " ind2=" "><subfield code="a">Binding: Pasteboards covered in black cloth with black leather over spine (quarter binding) ; Western-style binding (not original) ; pastedowns and flyleaves in wove paper ; spine gold-tooled with title and fillets flanking raised bands ; resewn in white thread, six stations ; overall in fair condition with minor abrasion, etc.</subfield></datafield><datafield tag="500" ind1=" " ind2=" "><subfield code="a">Support: non-European laid paper with 8-9 laid lines per cm. (horizontal, 20 in 25-26 mm.) and chain lines grouped in threes (or twos and threes) with 10-14 mm. between chains and 48-55 mm. between groups ; well-sized and burnished, quite smooth, fairly crisp and sturdy, inclusions.</subfield></datafield><datafield tag="500" ind1=" " ind2=" "><subfield code="a">Decoration: Section headings rubricated.</subfield></datafield><datafield tag="500" ind1=" " ind2=" "><subfield code="a">Script: Naskh ; elegant 'Syrian' or Iraqi [?] hand in a thin to medium line, alternating large bolder lines with more compact lines ; mainly serifless (though right-sloping head-serif appears on occasional ascender) and quite rounded with curvilinear descenders (some sweeping), elongation of horizontal strokes, pointing in distinct dots, kāf occasionally represented by vertical stroke with miniature kāf seated atop it, extensively vocalized.</subfield></datafield><datafield tag="500" ind1=" " ind2=" "><subfield code="a">Layout: Written in 21 lines per page ; frame-ruled (impression of ruling board evident).</subfield></datafield><datafield tag="500" ind1=" " ind2=" "><subfield code="a">Collation: ii, V-2 (8), 22 V(228), I (230), ii ; almost exclusively quinions ; catchwords rarely present ; quire numbering in the form of whole words in the upper outer margin of the recto of the opening leaf of each quire, mainly cut off until the ninth quire ; foliation in black ink, Hindu-Arabic numerals ; pagination in pencil, Western numerals, supplied during digitization (includes flyleaves).</subfield></datafield><datafield tag="500" ind1=" " ind2=" "><subfield code="a">Colophon: "Authorial" reads "واتممته والحمد لله وحده صبيحة يوم السبت سلخ المحرم اوان ربيع عام خمسة عشرة وخمسمائة تاريخ عدل مقوم" ; "Scribal" reads "واني بحمد الله من شغل نسخه فرغت بتوفيق الاله المعظم عشية يوم السبت ليلة تاسع لدى جمادى الاول الشهر معلم وخمسة الاف وخمسون صورة وخمسمائة بية [بيت؟] وبالخسم يختم لفضل ... [؟] عام ثامن عشرة وستمائة تاريخ ذلك قيم وكان اتساخ امثالا وطاعة لامر شهاب الدين خير مقدم فيا رب اسعف مبتغاه معجلا وصلى على آل النبي وسلم"</subfield></datafield><datafield tag="500" ind1=" " ind2=" "><subfield code="a">Explicit: "وما ضر شمسا اشرقت في علوها حجود حشود وهو عن نورها عمي"</subfield></datafield><datafield tag="500" ind1=" " ind2=" "><subfield code="a">Incipit: "كتاب الشهادات باب ما يجوز من الشهادات وما يبطل منها بالبرأة اني لا تظم ابواب الشهادات طوعا لا فتح ابواب السعادات ..."</subfield></datafield><datafield tag="500" ind1=" " ind2=" "><subfield code="a">Title supplied by cataloguer.</subfield></datafield><datafield tag="500" ind1=" " ind2=" "><subfield code="a">Ms. codex.</subfield></datafield><datafield tag="505" ind1="0" ind2=" "><subfield code="a">2. p.461-p.464 : [Naẓm fī madḥ al-Nabī] / Jalāl al-Dīn al-Khuwārizmī al-ʻAlawī.</subfield></datafield><datafield tag="505" ind1="0" ind2=" "><subfield code="a">1. p.6-p.461 : [al-Juzʼ al-thānī min Naẓm al-Jāmiʻ al-kabīr] / Aḥmad ibn Abī al-Muʼayyad al-Nasafī.</subfield></datafield><datafield tag="510" ind1="4" ind2=" "><subfield code="a">Ḥājjī Khalīfah. Kashf al-ẓunūn,</subfield><subfield code="c">ii 569, no. 3936</subfield></datafield><datafield tag="510" ind1="4" ind2=" "><subfield code="a">Brockelmann, C. GAL,</subfield><subfield code="c">I 172</subfield></datafield><datafield tag="520" ind1="8" ind2=" "><subfield code="a">Elegant copy of the second part of a metrical version, with commentary, of al-Jamīʻ al-kabīr, a work on Ḥanafī law by Muḥammad ibn al-Ḥasan al-Shaybānī (d.803 or 805) followed by a poem in praise of the Prophet by one Jalāl al-Dīn al-Khawārizmī al-ʻAlawī.</subfield></datafield><datafield tag="538" ind1=" " ind2=" "><subfield code="a">Mode of access: Internet.</subfield></datafield><datafield tag="541" ind1=" " ind2=" "><subfield code="a">Acquired in 1926 from the bookseller Isaac Benjamin S.E. Yahuda via purchase transacted on his behalf by his younger brother, the famous Orientalist and manuscript collector Abraham Shalom Yahuda (1877-1951).</subfield></datafield><datafield tag="546" ind1=" " ind2=" "><subfield code="a">Arabic.</subfield></datafield><datafield tag="561" ind1=" " ind2=" "><subfield code="a">Effaced statement on front flyleaf (p.3) ; ownership statement on 'title page' (p.5) dated 855 [1451 or 2] in name of Aḥmad ibn Mubārakshāh al-Ḥanafī (d.1457 or 8), reads "صار من فضل الله الخفي لاحمد بن مباركشاه الحنفي سنة خمس وخمسين وثمانمائة هذا الجزء وما فيه [؟]" ; also on 'title page' (p.5) ownership statement dated 881 [1476 or 7] in name of Aḥmad ibn Ismāʻīl al-Qādirī [?] al-Jawharī al-Ḥanafī, reads "من كتب الواثق بالجليل احمد بن اسماعيل القادري [؟] الجوهري الحنفي في سنة ۸۸۱" ; circular seal impression on incipit page (p.6) and p.462 ; occasional marginal corrections.</subfield></datafield><datafield tag="600" ind1="1" ind2="0"><subfield code="a">Shaybānī, Muḥammad ibn al-Ḥasan,</subfield><subfield code="d">ca. 750-804 or 5.</subfield><subfield code="t">Jāmiʻ al-kabīr.</subfield></datafield><datafield tag="650" ind1=" " ind2="0"><subfield code="a">Manuscripts, Arabic</subfield><subfield code="z">Michigan</subfield><subfield code="z">Ann Arbor.</subfield></datafield><datafield tag="650" ind1=" " ind2="0"><subfield code="a">Hanafites</subfield><subfield code="v">Early works to 1800.</subfield></datafield><datafield tag="650" ind1=" " ind2="0"><subfield code="a">Islamic law</subfield><subfield code="v">Early works to 1800.</subfield></datafield><datafield tag="700" ind1="0" ind2=" "><subfield code="6">880-06</subfield><subfield code="a">Aḥmad ibn Ismāʻīl al-Qādirī al-Jawharī al-Ḥanafī,</subfield><subfield code="d">fl. 1476,</subfield><subfield code="e">former owner.</subfield></datafield><datafield tag="700" ind1="0" ind2=" "><subfield code="6">880-05</subfield><subfield code="a">Aḥmad ibn Mubārakshāh al-Ḥanafī,</subfield><subfield code="d">fl. 1451,</subfield><subfield code="e">former owner.</subfield></datafield><datafield tag="700" ind1="0" ind2="2"><subfield code="6">880-04</subfield><subfield code="a">Jalāl al-Dīn al-Khuwārizmī al-ʻAlawī.</subfield><subfield code="t">Naẓm fī madḥ al-Nabī.</subfield></datafield><datafield tag="773" ind1="0" ind2=" "><subfield code="a">Yahuda Collection.</subfield></datafield><datafield tag="880" ind1="0" ind2=" "><subfield code="6">700-06/</subfield><subfield code="a">احمد بن اسماعيل القادري الجوهري الحنفي،</subfield><subfield code="e">مالك سابق.</subfield></datafield><datafield tag="880" ind1="0" ind2=" "><subfield code="6">700-05/</subfield><subfield code="a">احمد بن مباركشاه الحنفي،</subfield><subfield code="e">مالك سابق.</subfield></datafield><datafield tag="880" ind1="0" ind2="2"><subfield code="6">700-04/</subfield><subfield code="a">جلال الدين الخوارزمي العلوي.</subfield><subfield code="t">نظم في مدح النبي.</subfield></datafield><datafield tag="880" ind1="1" ind2="2"><subfield code="6">245-03/</subfield><subfield code="a">[الجزء الثاني من نظم الجامع الكبير,</subfield><subfield code="f">618ه، 1221م].</subfield></datafield><datafield tag="880" ind1="1" ind2="0"><subfield code="6">240-02/</subfield><subfield code="a">نظم الجامع الكبير.</subfield><subfield code="n">جزء 2</subfield></datafield><datafield tag="880" ind1="1" ind2=" "><subfield code="6">100-01/</subfield><subfield code="a">نسفي، احمد بن ابي المؤيد المحمودي.</subfield></datafield><datafield tag="CID" ind1=" " ind2=" "><subfield code="a">006804413</subfield></datafield><datafield tag="DAT" ind1="0" ind2=" "><subfield code="a">20190719102636.0</subfield><subfield code="b">20190719000000.0</subfield></datafield><datafield tag="DAT" ind1="1" ind2=" "><subfield code="a">20190719090653.0</subfield><subfield code="b">2019-07-19T16:11:30Z</subfield></datafield><datafield tag="DAT" ind1="2" ind2=" "><subfield code="a">2015-10-02T18:00:03Z</subfield></datafield><datafield tag="CAT" ind1=" " ind2=" "><subfield code="a">SDR-MIU</subfield><subfield code="d">EX LIBRIS - ALEPH</subfield><subfield code="l">prepare.pl-004-008</subfield></datafield><datafield tag="FMT" ind1=" " ind2=" "><subfield code="a">BK</subfield></datafield><datafield tag="HOL" ind1=" " ind2=" "><subfield code="0">sdr-miu006804413</subfield><subfield code="a">MiU</subfield><subfield code="b">SDR</subfield><subfield code="c">MIU</subfield><subfield code="p">mdp.39015079126630</subfield><subfield code="s">MIU</subfield><subfield code="1">006804413</subfield></datafield><datafield tag="974" ind1=" " ind2=" "><subfield code="b">MIU</subfield><subfield code="c">MIU</subfield><subfield code="d">20190719</subfield><subfield code="s">lit-dlps-dc</subfield><subfield code="u">mdp.39015079126630</subfield><subfield code="y">1221</subfield><subfield code="r">pd</subfield><subfield code="q">bib</subfield><subfield code="t">non-US bib date1 &lt; 1896</subfield></datafield></record></collection>